=LDR  02402 ai a2200649 a 4500
=001  009917983
=003  Uk
=005  20101019100923.0
=006  m\\\\\\\\d\\\\\\\\
=007  cr\cn|||||||||
=008  030926c20009999enk\x\d\s\\\\\0\\\a2eng\\
=015  \\$aGBA328360$2bnb
=019  y\$abA328360
=019  9\$abA328360
=019  1\$abA328360
=039  0\$a2761
=040  \\$aUk$cUk$dUk
=082  04$a909$221
=130  0\$aAnnual register (Online)
=245  14$aThe annual register$h[electronic resource].
=260  \\$a[Cambridge :$bChadwyck-Healey]
=336  \\$atext$2rdacontent
=337  \\$acomputer$2rdamedia
=338  \\$aonline resource$2rdacarrier
=500  \\$aIssues for 1758-1778 included in the Internet Library of early journals.
=500  \\$aTitle from title screen (viewed on 9 Apr., 2003).
=520  \\$aAn almanac of events published every year since 1758. A source of contemporary opinion, historical content and bibliographical information.
=530  \\$aAlso available in printed form.
=538  \\$aMode of access: World Wide Web.
=650  \0$aHistory, Modern$vSources.
=650  \0$aWorld politics$vSources.
=650  \0$aAlmanacs.
=740  0\$aHistory online.
=852  41$aBritish Library$bHMNTS
=856  40$uhttp://historyonline.chadwyck.co.uk/bho$zFor subscribers only, follow links to resource
=856  41$ahttp://www.bodley.ox.ac.uk/ilej/$z1758-1778
=985  \\$aAvailable as part of History online (not currently available, as of June 2007).
=985  \\$aemail from Cathy Lott 7/10/2010 that we no longer subscribe to this; removed from OPAC by taking {dollar}j out of holding.
=985  \\$aRecord merged by DQ team
=CAT  \\$aCONV$b00$c20040425$lBLL90$h0723
=CAT  \\$aCONV$b00$c20040502$lBLL01$h1343
=CAT  \\$a6550$b40$c20051114$lBLL01$h1433
=CAT  \\$a3072$b40$c20080103$lBLL01$h1535
=CAT  \\$a3072$b40$c20080103$lBLL01$h1536
=CAT  \\$a3072$b40$c20101019$lBLL01$h1005
=CAT  \\$a3072$b40$c20101019$lBLL01$h1007
=CAT  \\$a3072$b40$c20101019$lBLL01$h1009
=CAT  \\$aWR14_140$c20140905$lBLL01$h1739
=FIN  \\$aY
=FMT  \\$a  SE
=LAS  \\$aWR14_140$b00$c20140905$lBLL01$h1739
=LEO  \\$aMP5.0000020890
=LEO  \\$aMP13.0000236955
=SRC  \\$aDSS02$bbibh.200404.2.aa
=SRC  \\$aBNB03$bbibmp5.200404.2.aa
=SRC  \\$aHSS01$bbibmp13.200404.2.aa
=TCO  \\$aCLA$bCLA$c008

