=LDR  01723 ai a2200409 a 4500
=001  012965509
=003  Uk
=005  20101018161227.0
=006  m\\\\\\\\d\|\\\\\\
=007  cr\cn|||||||||
=008  040806c199u9999enk\x\d\sv\\\\0\\\a2eng\\
=015  \\$aGBA537198$2bnb
=040  \\$aUk$beng$cUk$dUk
=042  \\$aukblsr
=082  04$a348.4104$222
=245  00$aCasetrack$h[electronic resource].
=260  \\$aLondon (190 Fleet St., London EC4 2AG) :$bWordwave International.
=336  \\$atext$2rdacontent
=337  \\$acomputer$2rdamedia
=338  \\$aonline resource$2rdacarrier
=500  \\$aTitle from login screen (viewed on 16 Apr. 2005).
=520  \\$aArchive of full text transcripts of cases before the Court of Appeal (Civil and Criminal Division) from 1996, Administrative Court and Crown Office from 1996, all divisions of the High Court from 1998, the Employment Appeals Tribunals Tribunal from 1998 and the VAT Tribunal from 2002.
=538  \\$aMode of access: World Wide Web.
=650  \0$aLaw reports, digests, etc.$zGreat Britain.
=852  41$aBritish Library$bSTI
=852  41$aBritish Library$bHMNTS
=856  40$uhttp://www.casetrack.com/index.html$zFor subscribers only, requires user name and password
=985  \\$aemail from Cathy Lott 7/10/2010 that we no longer subscribe to this; removed from OPAC by taking {dollar}j out of holding.
=CAT  \\$a6946$b40$c20040806$lBLL01$h1318
=CAT  \\$a3072$b40$c20050427$lBLL01$h1345
=CAT  \\$a3072$b40$c20050519$lBLL01$h1420
=CAT  \\$a3072$b40$c20101018$lBLL01$h1612
=CAT  \\$aWR14_140$c20140905$lBLL01$h1806
=FIN  \\$aY$d20050519
=FMT  \\$a  SE
=LAS  \\$aWR14_140$b00$c20140905$lBLL01$h1806
=TCO  \\$aCLA$bCLA$c008

