=LDR  02517 ai a2200613 a 4500
=001  012978718
=003  Uk
=005  20101029135234.0
=006  m\\\\\\\\d\|\\\\\\
=007  cr||||||||||||
=008  040826c20049999xxudr\d\sr\\\\0\\\a2eng\\
=015  \\$aGBA549586$2bnb
=040  \\$aUk$beng$cUk$dUk
=041  0\$aeng$afre$ager$aita$aspa
=042  \\$aukblsr
=082  04$a338.7402541$222
=245  00$aGlobal reference solution$h[electronic resource].
=246  1\$iTitle bar title :$aD&B global reference solution
=246  3\$aD and B global reference solution
=246  1\$iAlso known as:$aGRS
=260  \\$a[United States?] ;$a[Great Britain] :$bDun & Bradstreet Inc.
=310  \\$aUpdated daily
=336  \\$atext$2rdacontent
=337  \\$acomputer$2rdamedia
=338  \\$aonline resource$2rdacarrier
=362  1\$aBegan in 2004.
=500  \\$aTitle from search screen (viewed on 13 June 2005).
=520  \\$aCombines the power of D&B's global data coverage (formerly WorldBase) with the insight of D&B's corporate linkage (formerly Who Owns Whom) in a single service. GRS offers easy access to information about every business on D&B's global database - over 86 million and growing - the largest source of business information in the world.
=538  \\$aMode of access: World Wide Web.
=546  \\$aInterface in English, French, German Italian, and Spanish.
=650  \0$aCorporations$vDirectories.
=650  \0$aSubsidiary corporations$vDirectories.
=650  \0$aHolding companies$vDirectories.
=690  7\$aManagement and Business Studies$2blcoll
=710  2\$aDun and Bradstreet, inc.
=740  02$aWorldBase.
=740  02$aWho owns whom.
=852  71$aBritish Library$bSTI
=856  40$uhttps://solutions.dnb.com/grs/$zFor subscribers only, requires user name and password
=985  \\$aSubscription expires 31 Oct 2010; {dollar}j removed from holding; email from S. Ashpitel.
=CAT  \\$a6946$b40$c20040826$lBLL01$h1417
=CAT  \\$a6946$b40$c20040826$lBLL01$h1418
=CAT  \\$a6946$b40$c20040826$lBLL01$h1419
=CAT  \\$a3072$b40$c20050609$lBLL01$h1544
=CAT  \\$a3072$b40$c20050714$lBLL01$h1157
=CAT  \\$aBATCH$b00$c20090611$lBLL01$h1711
=CAT  \\$a3072$b40$c20101029$lBLL01$h1342
=CAT  \\$a3072$b40$c20101029$lBLL01$h1351
=CAT  \\$a3072$b40$c20101029$lBLL01$h1352
=CAT  \\$aWR14_140$c20140905$lBLL01$h1806
=FIN  \\$aY$d20050714
=FMT  \\$a  SE
=LAS  \\$aWR14_140$b00$c20140905$lBLL01$h1806
=TCO  \\$aTRS$bCCC$c008

