=LDR  01995 ai a2200505 a 4500
=001  013004307
=003  Uk
=005  20101018163600.0
=006  m\\\\\\\\d\|\\\\\\
=007  cr||||||||||||
=008  040930c200u9999xxufr\d\sai\\\0\\\a2eng\\
=040  \\$aUk$beng$cUk$dUk
=042  \\$aukblsr
=082  04$a016.658$222
=245  00$aInstitute of Management international database$h[electronic resource] :$bIMID.
=246  30$aIMID
=260  \\$aBethesda, Md. :$bCSA
=310  \\$aUpdated twice yearly
=336  \\$atext$2rdacontent
=337  \\$acomputer$2rdamedia
=338  \\$aonline resource$2rdacarrier
=500  \\$aTitle from initial search screen (viewed on 24th Jan. 2005).
=520  \\$aContains brief abstracts of international management materials arranged in five cross-searchable databases including books, journal articles, management working papers and audio-visual. Covers 1980 onwards.
=538  \\$aMode of access: World Wide Web.
=650  \0$aManagement$vIndexes.
=650  \0$aManagement$vAbstracts.
=710  2\$aChartered Management Institute (Great Britain)
=787  0\$tInstitute of Management international databases plus (CD-ROM)
=852  41$aBritish Library$bHMNTS
=856  4\$uhttp://uk1.csa.com$zNo longer links to resource
=985  \\$aemail from Cathy Lott 7/10/2010 that we no longer subscribe to this; removed from OPAC by taking {dollar}j out of holding.
=CAT  \\$a6946$b40$c20040930$lBLL01$h1857
=CAT  \\$a3072$b40$c20050211$lBLL01$h1546
=CAT  \\$a3072$b40$c20050211$lBLL01$h1558
=CAT  \\$a3072$b40$c20050407$lBLL01$h1123
=CAT  \\$a3072$b40$c20050407$lBLL01$h1205
=CAT  \\$a3072$b40$c20050407$lBLL01$h1357
=CAT  \\$a3072$b40$c20050407$lBLL01$h1359
=CAT  \\$a3072$b40$c20100111$lBLL01$h1441
=CAT  \\$a3072$b40$c20100111$lBLL01$h1444
=CAT  \\$a3072$b40$c20101018$lBLL01$h1636
=FIN  \\$aY$d20050407
=FMT  \\$a  SE
=LAS  \\$a3072$b40$c20101018$lBLL01$h1636
=TCO  \\$aTRS$bCCC$c008

