=LDR  03887cai a2200877 a 4500
=001  013059373
=003  Uk
=005  20221231210329.0
=006  m\\\\\\\\d\|\\\\\\
=007  cr|cn|||||||||
=008  041208c199u9999enkuu\d\s\\\\\0\\\a2eng\\
=015  \\$aGBA522324$2bnb
=019  c\$a3025339
=040  \\$aUk$beng$cUk$dUk
=042  \\$aukblsr
=082  04$a344.4104402648$222
=245  00$aMental health law reports$h[electronic resource].
=260  \\$aLondon :$bContext.
=336  \\$atext$2rdacontent
=337  \\$acomputer$2rdamedia
=338  \\$aonline resource$2rdacarrier
=500  \\$aTitle from database selection screen (viewed on 11 Mar. 2005).
=520  \\$aIncludes full text of cases from the High Court, the Court of Appeal and the House of Lords relating to mental health law, together with a summary, and, where appropriate, a commentary. Coverage from 1999.
=538  \\$aMode of access: World Wide Web.
=540  \\$aCurrent Copyright Fee: GBP25.00$c0$5Uk
=650  \0$aMental health laws$zGreat Britain$vCases.
=650  \0$aLaw reports, digests, etc.$zGreat Britain.
=852  41$aBritish Library$bHMNTS
=856  40$uhttp://www.justis.com$zFor subscribers only, requires user name and password
=945  \\$aMENTAL HEALTH LAW REPORTS.
=979  \\$aBritish Library$bDSC$j5678.583575N
=985  \\$aemail from Cathy Lott 7/10/2010 that we no longer subscribe to this; removed from OPAC by taking {dollar}j out of holding.
=A02  \\$a3025339
=ACF  \\$aPrevious copyright fee: GBP9.00$c0$e01-apr-2010$fGBP9.00$g0$hA$5Uk
=ACF  \\$aPrevious copyright fee: GBP6.00$c0$e01-apr-2008$fGBP6.00$g0$hA$5Uk
=ACF  \\$aPrevious copyright fee: GBP5.00$c0$e19-mar-2004$fGBP5.00$g0$hA$5Uk
=ACF  \\$aPrevious copyright fee: GBP10.50$c0$e01-jan-2011$fGBP10.50$g0$hA$5Uk
=ACF  \\$aPrevious copyright fee: GBP12.00$c0$e01-jan-2012$fGBP12.00$g0$hA$5Uk
=ACF  \\$aPrevious Copyright Fee: GBP12.30$c0$e01-jan-2014$fGBP12.30$g0$hA$5Uk
=ACF  \\$aPrevious Copyright Fee: GBP15.00$c0$e01-jan-2017$fGBP15.00$g0$hA$5Uk
=ACF  \\$aPrevious Copyright Fee: GBP17.50$c0$e01-jan-2018$fGBP17.50$g0$hA$5Uk
=ACF  \\$aPrevious Copyright Fee: GBP20.00$c0$e01-jan-2020$fGBP20.00$g0$hA$5Uk
=CAT  \\$a6946$b40$c20041208$lBLL01$h0926
=CAT  \\$aBATCH-UPD$b00$c20100401$lBLL01$h0252
=CAT  \\$aBATCH$b00$c20100401$lBLL01$h0556
=CAT  \\$aBATCH$b00$c20100401$lBLL01$h1628
=CAT  \\$a3072$b40$c20101018$lBLL01$h1535
=CAT  \\$aBATCH-UPD$b40$c20101124$lBLL01$h1945
=CAT  \\$aBATCH-UPD$b40$c20101125$lBLL01$h1212
=CAT  \\$aIPL-CLA$c20101231$lBLL01$h1514
=CAT  \\$aWR11_203$c20111204$lBLL01$h1508
=CAT  \\$aIPL-CLA$c20111230$lBLL01$h2020
=CAT  \\$aBATCH-CLA$b00$c20121109$lBLL01$h1730
=CAT  \\$aWR12_168$c20121206$lBLL01$h1815
=CAT  \\$aWR13.005$c20130323$lBLL01$h1233
=CAT  \\$aBATCH-CLA$c20131220$lBLL01$h2030
=CAT  \\$aIPL-CLA$c20131231$lBLL01$h2344
=CAT  \\$aBATCH-CLA$b00$c20161222$lBLL01$h1804
=CAT  \\$aIPL-CLA$c20161230$lBLL01$h2133
=CAT  \\$aBATCH-CLA$b00$c20171222$lBLL01$h2126
=CAT  \\$aIPL-CLA$c20171231$lBLL01$h1637
=CAT  \\$aBATCH-CLA$b00$c20191219$lBLL01$h1732
=CAT  \\$aIPL-CLA$c20191231$lBLL01$h1931
=CAT  \\$aR2001-1524$c20200127$lBLL01$h2008
=CAT  \\$aBATCH-CLA$b00$c20201204$lBLL01$h1533
=CAT  \\$aIPL-CLA$c20201231$lBLL01$h2156
=CAT  \\$aBATCH-CLA$b00$c20221221$lBLL01$h1842
=CAT  \\$aIPL-CLA$c20221231$lBLL01$h2103
=CFI  0\$aCurrent Copyright Fee: GBP25.00$c0$e01-jan-2023$fGBP25.00$g0$hA$5Uk
=CFI  2\$aPrevious Copyright Fee: GBP22.50$c0$e01-jan-2021$fGBP22.50$g0$hA$5Uk
=FIN  \\$aY$d20050322
=FMT  \\$a  SE
=LAS  \\$aIPL-CLA$b00$c20221231$lBLL01$h2103
=LEO  \\$aMP10.0000368993
=SRC  \\$aDSS01$bbibmp10.200404.2.aa
=TCO  \\$aCLA$bCLA$c008

