=LDR  03044 ai a2200613 a 4500
=001  013177012
=003  Uk
=005  20120215125906.0
=006  m\\\\\\\\d\|\\\\\\
=007  cr\|||||||||||
=008  050414d18611980enkuu\d\s\\\\\0\\\a2eng\\
=015  \\$aGBA532280$2bnb
=040  \\$aUk$beng$cUk$dUk
=042  \\$aukblsr
=082  04$a011.75$222
=245  00$aDissertation abstracts 1861-1980$h[electronic resource].
=247  10$aDissertation abstracts$h[electronic resource]$f<2005>
=260  \\$a[New York, N.Y. ;$aLondon (Merlin House, 20 Belmont Terrace, Chiswick, W4 5UG) :$bOvid Technologies]
=336  \\$atext$2rdacontent
=337  \\$acomputer$2rdamedia
=338  \\$aonline resource$2rdacarrier
=500  \\$aDatabase runs on SilverPlatter's WebSPIRS program.
=500  \\$aTitle from database selection screen (viewed on 14 Apr. 2005).
=500  \\$aLast viewed on 20 Feb. 2008).
=520  \\$aIndex of North American and European doctoral theses. Period covered: 1861 to 1980. This information is also available in ProQuest "Dissertations & Theses", which also covers the period after 1980 and includes master's theses, as well as information relating to the period before 1861.
=538  \\$aMode of access: World Wide Web.
=580  \\$aAlso issued in print format as: Dissertation abstracts international. A, The humanities and social sciences, and: Dissertation abstracts international B, The sciences and engineering, and: Dissertation abstracts international C, Worldwide.
=650  \0$aDissertations, Academic$zUnited States$vAbstracts.
=650  \0$aDissertations, Academic$zEurope$vIndexes.
=710  2\$aOvid Technologies, Inc.
=730  02$aDissertation abstracts international.$nA,$pThe humanities and social sciences$x0419-4209.
=730  02$aDissertation abstracts international.$nB,$pThe sciences and engineering$x0419-4217.
=730  02$aDissertation abstracts international.$nC,$pWorldwide$x1042-7279.
=730  02$aDissertation abstracts international.$nC,$pEuropean abstracts$x0307-6075.
=730  02$aDissertation abstracts.$nB,$pThe sciences and engineering$x0420-073X.
=730  02$aDissertation abstracts.$nA,$pThe humanities and social sciences$x0095-9154.
=730  02$aDissertation abstracts$x0099-3123.
=730  02$aMicrofilm abstracts$x0099-4375.
=787  1\$tDissertations & theses :$bfull text
=852  41$aBritish Library$bHMNTS
=856  40$uhttp://web5silverplatter.com/webspirs/start.ws$zFor subscribers only; BL Reading Room access
=985  \\$acancelled
=CAT  \\$a3072$b40$c20050414$lBLL01$h1628
=CAT  \\$a3072$b40$c20050519$lBLL01$h1424
=CAT  \\$a3072$b40$c20050714$lBLL01$h1738
=CAT  \\$a3072$b40$c20050818$lBLL01$h1537
=CAT  \\$a3072$b40$c20050818$lBLL01$h1605
=CAT  \\$a3072$b40$c20080220$lBLL01$h1631
=CAT  \\$a3072$b40$c20080220$lBLL01$h1656
=CAT  \\$a11279$b40$c20120215$lBLL01$h1259
=FIN  \\$aY$d20050519
=FMT  \\$a  SE
=LAS  \\$a11279$b40$c20120215$lBLL01$h1259
=TCO  \\$aCLA$bCLA$c008

