=LDR  02401 ai a2200505 a 4500
=001  013218822
=003  Uk
=005  20101018170723.0
=006  m\\\\\\\\d\|\\\\\\
=007  cr||||||||||||
=008  050610c199u9999xxuuu\d\si\\\\0\\\a2eng\\
=015  \\$aGBA555926$2bnb
=040  \\$aUk$beng$cUk$dUk
=042  \\$aukblsr
=082  04$a016.3$222
=245  00$aAustrom$h[electronic resource].
=260  \\$a[New York, N.Y. ;$aLondon :$bOvid Technologies].
=336  \\$atext$2rdacontent
=337  \\$acomputer$2rdamedia
=338  \\$aonline resource$2rdacarrier
=500  \\$aDatabase runs on SilverPlatter's WebSPIRS program.
=500  \\$aPublished in association with RMIT Publishing.
=500  \\$aTitle from database selection screen (viewed on 30 June 2005).
=505  0\$aContents: Australian Public Affairs Information Service.- Attorney General's Information Service.- Australian sport database.- Australian architecture database.- Australian library & information science absracts.- Australian criminology database.- DELTAA.- Australian education index.- Australian family & society abstracts.- Australian federal police digest.- Multicultual Australia and immigration studies.
=520  \\$aA compilation of 11 bibliographic databases from Australia covering public affairs, law, architecture, policing, multiculturalism, sport, criminology, library science, education, family and society, and ESL.
=538  \\$aMode of access: World Wide Web.
=650  \0$aSocial sciences$zAustralia$vIndexes.
=650  \0$aSports$zAustralia$vIndexes.
=650  \0$aArchitecture$zAustralia$vIndexes.
=650  \0$aLibrary science$zAustralia$vIndexes.
=710  2\$aOvid Technologies, Inc.
=852  41$aBritish Library$bHMNTS
=852  41$aBritish Library$bHMNTS
=856  40$uhttp://web5silverplatter.com/webspirs/start.ws$zFor subscribers only
=985  \\$aemail from Cathy Lott 7/10/2010 that we no longer subscribe to this; removed from OPAC by taking {dollar}j out of holding.
=CAT  \\$a6946$b40$c20050610$lBLL01$h1744
=CAT  \\$a3072$b40$c20050630$lBLL01$h1111
=CAT  \\$a3072$b40$c20050630$lBLL01$h1121
=CAT  \\$a11249$b40$c20050816$lBLL01$h1244
=CAT  \\$a3072$b40$c20101018$lBLL01$h1707
=CAT  \\$aWR14_140$c20140905$lBLL01$h1808
=FIN  \\$aY$d20050630
=FMT  \\$a  SE
=LAS  \\$aWR14_140$b00$c20140905$lBLL01$h1808
=TCO  \\$aTRS$bCCC$c008

