=LDR  02476 ai a2200661 a 4500
=001  009918637
=003  Uk
=005  20120601111231.0
=006  m\\\\\\\\d\\\\\\\\
=007  cr\cnu||||||||
=008  030904c199u9999enkmr\d\s\\\\o0\\\a2eng\\
=015  \\$aGBA342797$2bnb
=019  c\$a3007195
=019  y\$abA342797
=019  9\$abA342797
=019  1\$abA342797
=039  0\$a2758
=040  \\$aUk$cUk$dUk
=082  04$a015.73053$221
=245  00$aGPO$h[electronic resource].
=260  \\$a[New York ;$aLondon (Merlin House, 20 Belmont Terrace, Chiswick, W4 5UG]) :$bOvid Technologies.
=310  \\$aUpdated monthly
=336  \\$atext$2rdacontent
=337  \\$acomputer$2rdamedia
=338  \\$aonline resource$2rdacarrier
=500  \\$aDatabase runs on SilverPlatter's WebSPIRS platform.
=500  \\$aProduced by: U.S. Superintendent of Documents.
=500  \\$aTitle from database selection screen (viewed 11 June 2003).
=520  \\$aOnline version of the US Government Printing Office Catalog, offering bibliographic records of US government publications.
=530  \\$aAlso available in CD-ROM format.
=538  \\$aMode of access: World Wide Web.
=650  \0$aGovernment publications$zUnited States$vCatalogs.
=710  1\$aUnited States.$bSuperintendent of Documents.
=852  41$aBritish Library$bDSC
=852  41$aBritish Library$bHMNTS
=856  40$uhttp://web5.silverplatter.com/webspirs/start$zFor subscribers only, requires username and password
=945  \\$aGPO ON SILVERPLATTER -ONLINE EDITION-.
=959  \\$fHeld but not currently received
=985  \\$aemail from Cathy Lott 7/10/2010 that we no longer subscribe to this; removed from OPAC by taking {dollar}j out of holding.
=985  \\$aRecord merged by DQ team
=CAT  \\$aCONV$b00$c20040425$lBLL90$h0723
=CAT  \\$aCONV$b00$c20040502$lBLL01$h1343
=CAT  \\$a6550$b40$c20051228$lBLL01$h1506
=CAT  \\$a3072$b40$c20101018$lBLL01$h1714
=CAT  \\$a3072$b40$c20101018$lBLL01$h1715
=CAT  \\$a8335$b40$c20120601$lBLL01$h1112
=CAT  \\$aWR13.005$c20130323$lBLL01$h1416
=CAT  \\$aWR14_140$c20140905$lBLL01$h1740
=FIN  \\$aY
=FMT  \\$a  SE
=LAS  \\$aWR14_140$b00$c20140905$lBLL01$h1740
=LEO  \\$aMP5.0000022719
=LEO  \\$aMP13.0000237653
=LEO  \\$aMP10.0000251965
=SRC  \\$aBNB03$bbibmp5.200404.2.aa
=SRC  \\$aDSS01$bbibmp10.200404.2.aa
=SRC  \\$aHSS01$bbibmp13.200404.2.aa
=TCO  \\$aCLA$bCLA$c008

