=LDR  02208 ai a2200577 a 4500
=001  007193883
=003  Uk
=005  20120313121302.0
=006  m\\\\\\\\d\|\\\\\\
=007  cr||||||||||||
=008  040416c200u9999enkuu\d\saai\\0\\\a2eng\\
=015  \\$aGBA568016$2bnb
=040  \\$aUk$beng$cUk$dUk
=042  \\$aukblsr
=082  04$a629.2$222
=245  00$aVirtual automotive information centre$h[electronic resource] :$bVAIC /$cMIRA.
=246  3\$aVAIC
=246  1\$iHTML title bar title:$aMIRA virtual automotive information centre.
=260  \\$aNuneaton :$bAutomotive Information Centre.
=336  \\$atext$2rdacontent
=337  \\$acomputer$2rdamedia
=338  \\$aonline resource$2rdacarrier
=500  \\$aTitle from title screen (viewed on 2 Aug. 2005)
=520  \\$aA comprehensive and fully searchable database of over 190,000 business and technical abstracts, dating back to 1980. Abstracts are drawn from a wide range of automotive sources.
=538  \\$aMode of access: World Wide Web.
=650  \0$aMotor vehicles$vAbstracts.
=650  \0$aMotor vehicles$vIndexes.
=650  \0$aCorporations.
=650  \0$aCorporations$xFinance.
=710  2\$aMotor Industry Research Association.$bAutomotive Information Centre.
=852  41$aBritish Library$bSTI
=856  40$uhttp://aic.mira.co.uk/vaic2.0/$zFor subscribers only; requires user name and password
=985  \\$aCancelled - email from E. Walker 7/3/2012.
=A02  \\$a1449700$z49700
=CAT  \\$aCONV$b00$c20040425$lBLL90$h0713
=CAT  \\$aCONV$b00$c20040502$lBLL01$h1212
=CAT  \\$a3072$b40$c20050802$lBLL01$h1518
=CAT  \\$a3072$b40$c20050811$lBLL01$h1427
=CAT  \\$a3072$b40$c20050811$lBLL01$h1430
=CAT  \\$a3072$b40$c20050811$lBLL01$h1431
=CAT  \\$a5194$b40$c20050822$lBLL01$h1131
=CAT  \\$aBATCH$b00$c20091207$lBLL01$h0416
=CAT  \\$aBATCH$b00$c20091214$lBLL01$h0221
=CAT  \\$aBATCH$b00$c20091216$lBLL01$h0041
=CAT  \\$a3072$b40$c20120313$lBLL01$h1213
=CAT  \\$aWR14_140$c20140905$lBLL01$h1714
=FIN  \\$aY$d20050811
=FMT  \\$a  SE
=LAS  \\$aWR14_140$b00$c20140905$lBLL01$h1714
=SRC  \\$aDSS03$bbibsr.200404.2.aa
=TCO  \\$aCLA$bCLA$c008

