=LDR  03167 ai a2200721 a 4500
=001  007194030
=003  Uk
=005  20121023093917.0
=006  m\\\\\\\\d\|\\\\\\
=007  cr||||||||||||
=008  040416d199u2010enkuu\d\s\\\\\0\\\a2eng\\
=015  \\$aGBA512567$2bnb
=040  \\$aUk$beng$cUk$dUk
=042  \\$aukblsr
=082  04$a338.47$222
=245  00$aBusiness insights$h[electronic resource].
=260  \\$aLondon (Charles House 108-110 Finchley Road London NW3 5JJ) :$bBusiness Insights.
=336  \\$atext$2rdacontent
=337  \\$acomputer$2rdamedia
=338  \\$aonline resource$2rdacarrier
=362  1\$aBegan in 1998?
=362  1\$aCeased in 2010.
=500  \\$aTitle from home page (viewed 15th Dec. 2004).
=520  \\$aOnline database of strategic market analysis reports, particularly global market analyis. Each report is based upon unique market research and provides detailed analyses of major markets, examining the market dynamics, assessing the relative strengths and weaknesses of the key players and providing forecasts for market size, growth and composition. Covers 1998 onwards.
=538  \\$aMode of access: World Wide Web.
=580  \\$aMerged with: MarketLine, to form: Datamonitor 360.
=650  \0$aMarket surveys.
=650  \0$aConsumer goods.
=650  \0$aEnergy.
=650  \0$aFinancial services industry.
=650  \0$aMedical care.
=650  \0$aTechnology.
=650  \0$aElectronic commerce.
=690  7\$aManagement and Business Studies$2blcoll
=710  2\$aBusiness Insights (Firm)
=780  00$tReuters business insight
=785  14$tMarketLine
=785  14$tDatamonitor 360
=852  41$aBritish Library$bSTI
=856  40$uhttp://www.reutersbusinessinsight.com/subscriber.asp$zFor subscribers only, requires user name and password
=985  \\$a"Business Insights (Datamonitor 360) - service being withdrawn by publisher and access will end when sub expires on 22 Oct 2012" - email from S. Ashpitel 18/10/2012.
=985  \\$aShould have been new record in 2010 for "Datamonitor 360" (merged with Marketline - 012945692, and then title would be shunted to 247 when changed to "Marketline advantage" in May 2012. 007194030 closed with 2010 - bib links added, so BNB correct.
=A02  \\$a3020748$z0
=CAT  \\$aCONV$b00$c20040425$lBLL90$h0713
=CAT  \\$aCONV$b00$c20040502$lBLL01$h1212
=CAT  \\$a3072$b40$c20050119$lBLL01$h1543
=CAT  \\$a3072$b40$c20050203$lBLL01$h1615
=CAT  \\$a3072$b40$c20050210$lBLL01$h1135
=CAT  \\$a3072$b40$c20050210$lBLL01$h1142
=CAT  \\$a5194$b40$c20050302$lBLL01$h1104
=CAT  \\$aBATCH$b00$c20090517$lBLL01$h1817
=CAT  \\$aBATCH$b00$c20091207$lBLL01$h0416
=CAT  \\$aBATCH$b00$c20091214$lBLL01$h0221
=CAT  \\$aBATCH$b00$c20091216$lBLL01$h0041
=CAT  \\$a3072$b40$c20121022$lBLL01$h1213
=CAT  \\$a3072$b40$c20121022$lBLL01$h1238
=CAT  \\$a3072$b40$c20121023$lBLL01$h0939
=CAT  \\$aWR14_140$c20140905$lBLL01$h1714
=FIN  \\$aY$d20050210
=FMT  \\$a  SE
=LAS  \\$aWR14_140$b00$c20140905$lBLL01$h1714
=SRC  \\$aDSS03$bbibsr.200404.2.aa
=TCO  \\$aCLA$bCLA$c008

