=LDR  02824 ai a2200649 a 4500
=001  007194635
=003  Uk
=005  20101018160415.0
=006  m\\\\\\\\d\|\\\\\\
=007  cr||||||||||||
=008  040416c19369999enkwr\d\s\vw\\0\\\a2eng\\
=015  \\$aGBA559790$2bnb
=040  \\$aUk$beng$cUk$dUk
=042  \\$aukblsr
=082  04$a348.4204$222
=245  00$aAll England direct$h[electronic resource].
=260  \\$a[London] :$bReed Elsevier (UK).
=310  \\$aUpdated weekly, except "All England reporter"
=336  \\$atext$2rdacontent
=337  \\$acomputer$2rdamedia
=338  \\$aonline resource$2rdacarrier
=500  \\$aTitle from home page (viewed on 15th Dec. 2004).
=500  \\$aPart of Butterworths LexisNexis direct service.
=520  \\$aDatabase giving access to the full text of the "All England law reports" from 1936 to date and court transcripts from 1997; also, "All England law reports. Commercial cases" from 1999, "All England law reports. European cases" from 1995, and "All England reporter" which provides digests and judgments on a next-day basis.
=538  \\$aMode of access: World Wide Web.
=580  \\$aAlso available in print format as: All England law reports, and: All England law reports. Commercial cases, and: All England law reports. European cases.
=650  \0$aLaw reports, digests, etc.$zEngland.
=650  \0$aLaw reports, digests, etc.$zWales.
=650  \0$aLaw reports, digests, etc.$zEurope.
=650  \0$aCommercial law$zEngland$vCases.
=650  \0$aCommercial law$zWales.
=730  02$aAll England law reports.
=730  02$aAll England law reports. Commerical cases.
=730  02$aAll England law reports. European cases.
=740  02$aAll England reporter.
=776  0\$tAll England law reports (CD-ROM)
=852  41$aBritish Library$bHMNTS
=856  40$uhttp://www.butterworths.com$zFor subscribers only, requires user name and password
=985  \\$aemail from Cathy Lott 7/10/2010 that we no longer subscribe to this; removed from OPAC by taking {dollar}j out of holding.
=A02  \\$a1445756$z45756
=CAT  \\$aCONV$b00$c20040425$lBLL90$h0713
=CAT  \\$a3072$b40$c20050323$lBLL01$h1459
=CAT  \\$a3072$b40$c20050323$lBLL01$h1508
=CAT  \\$a3072$b40$c20050714$lBLL01$h1607
=CAT  \\$a3072$b40$c20050714$lBLL01$h1621
=CAT  \\$a3072$b40$c20050714$lBLL01$h1638
=CAT  \\$a3072$b40$c20050818$lBLL01$h1603
=CAT  \\$aBATCH$b00$c20091207$lBLL01$h0416
=CAT  \\$aBATCH$b00$c20091214$lBLL01$h0222
=CAT  \\$aBATCH$b00$c20091216$lBLL01$h0041
=CAT  \\$a3072$b40$c20101018$lBLL01$h1604
=CAT  \\$aWR14_140$c20140905$lBLL01$h1714
=FIN  \\$aY$d20050818
=FMT  \\$a  SE
=LAS  \\$aWR14_140$b00$c20140905$lBLL01$h1714
=SRC  \\$aDSS03$bbibsr.200404.2.aa
=TCO  \\$aCLA$bCLA$c008

