=LDR  02378 as a2200613 a 4500
=001  007196330
=003  Uk
=005  20120215132606.0
=006  m\\\\\\\\d\|\\\\\\
=007  cr||||||||||||
=008  040416c200u9999enkuu\p\sw\\\\0\\\a0eng\\
=015  \\$aGBA517221$2bnb
=040  \\$aUk$beng$cUk
=042  \\$aukblsr
=082  04$a348.42041$222
=130  0\$aWeekly law reports (Online)
=245  10$aWeekly law reports$h[electronic resource].
=260  \\$aLondon :$bContext.
=336  \\$atext$2rdacontent
=337  \\$acomputer$2rdamedia
=338  \\$aonline resource$2rdacarrier
=500  \\$aTitle from database selection screen (viewed on 25 Feb. 2005)
=520  \\$aElectronic version of the "Weekly law reports". Full text of reports of cases which influence the application and development of law in England and Wales. Covers 1953 to date.
=530  \\$aAlso issued in print and CD-ROM format.
=538  \\$aMode of access: World Wide Web.
=650  \0$aLaw reports, digests, etc.$zEngland.
=650  \0$aLaw reports, digests, etc.$zWales.
=710  2\$aIncorporated Council of Law Reporting for England and Wales.
=776  1\$tWeekly law reports$x0019-3518
=776  1\$tWeekly law reports (CD-ROM)$x1351-8534
=852  41$aBritish Library$bHMNTS
=852  41$aBritish Library$bSTI
=856  40$uhttp://www.justis.com$zFor subscribers only, requires user name and password; BL Reading Room access.
=985  \\$acancelled
=A02  \\$a3022227$z0
=CAT  \\$aCONV$b00$c20040425$lBLL90$h0713
=CAT  \\$aCONV$b00$c20040502$lBLL01$h1212
=CAT  \\$a3072$b40$c20050225$lBLL01$h1732
=CAT  \\$a3072$b40$c20050310$lBLL01$h1006
=CAT  \\$a3072$b40$c20050310$lBLL01$h1141
=CAT  \\$a3072$b40$c20050311$lBLL01$h0947
=CAT  \\$a3072$b40$c20050405$lBLL01$h1028
=CAT  \\$aBATCH$b00$c20091207$lBLL01$h0417
=CAT  \\$aBATCH$b00$c20091214$lBLL01$h0222
=CAT  \\$aBATCH$b00$c20091216$lBLL01$h0042
=CAT  \\$a11279$b40$c20120215$lBLL01$h1326
=CAT  \\$aWR14_140$c20140905$lBLL01$h1714
=FIN  \\$aY$d20050405
=FMT  \\$a  SE
=LAS  \\$aWR14_140$b00$c20140905$lBLL01$h1714
=LKR  \\$aPAR$b012448175$lBLL01$nWeekly law$mWeekly law reports$r776
=LKR  \\$aPAR$b009542905$lBLL01$r776$mWeekly law reports$nWeekly law reports
=SRC  \\$aDSS03$bbibsr.200404.2.aa
=TCO  \\$aCLA$bCLA$c008

