=LDR  02493 as a2200649 a 4500
=001  007196782
=003  Uk
=005  20080807113005.0
=006  m\\\\\\\\d\|\\\\\\
=007  cr||||||||||||
=008  040416c200u9999enkar\d\s\\\\\0\\\a0eng\\
=015  \\$aGBA527139$2bnb
=040  \\$aUk$beng$cUk$dUk
=041  0\$aeng$afre$ager
=042  \\$aukblsr
=082  04$a338.47000941$222
=245  00$aSnapshots International.$p[UK snapshots]$h[electronic resource] :$bthe complete market research toolbox.
=246  30$aComplete market research toolbox
=246  30$aUK snapshots
=260  \\$aLondon (5 Dryden Street London WC2E 9NB) :$bSnapshots International
=310  \\$aUpdated annually
=336  \\$atext$2rdacontent
=337  \\$acomputer$2rdamedia
=338  \\$aonline resource$2rdacarrier
=500  \\$aDescription based on home page (viewed on 28th Jan. 2005)
=520  \\$aContains around 200 reports giving access to top line market information on over 25 UK industry sectors.
=538  \\$aMode of access: World Wide Web.
=546  \\$aInterface in English, French and German.
=650  \0$aMarket surveys$zGreat Britain.
=690  7\$aManagement and Business Studies$2blcoll
=710  2\$aSnapshots International.
=852  41$aBritish Library$bSTI
=856  40$uhttp://www.snapdata.com$zFor subscribers only; requires user name and password; No longer held
=985  \\$aBL no longer subscribes to this - email from S. Ashpitel 6/8/2008 - holding removed
=A02  \\$a3018826$z0
=CAT  \\$aCONV$b00$c20040425$lBLL90$h0713
=CAT  \\$a3072$b40$c20050128$lBLL01$h1625
=CAT  \\$a3072$b40$c20050204$lBLL01$h1152
=CAT  \\$a3072$b40$c20050204$lBLL01$h1201
=CAT  \\$a3072$b40$c20050324$lBLL01$h1127
=CAT  \\$a3072$b40$c20050324$lBLL01$h1138
=CAT  \\$a11249$b40$c20050331$lBLL01$h1105
=CAT  \\$a3072$b40$c20080807$lBLL01$h1120
=CAT  \\$a3072$b40$c20080807$lBLL01$h1129
=CAT  \\$a3072$b40$c20080807$lBLL01$h1130
=CAT  \\$aBATCH$b00$c20090517$lBLL01$h1818
=CAT  \\$aBATCH$b00$c20091207$lBLL01$h0417
=CAT  \\$aBATCH$b00$c20091214$lBLL01$h0222
=CAT  \\$aBATCH$b00$c20091216$lBLL01$h0042
=CAT  \\$aBATCH690$c20100715$lBLL01$h2100
=CAT  \\$aBATCH-MBS$c20100716$lBLL01$h2045
=CAT  \\$aWR14_140$c20140905$lBLL01$h1714
=FIN  \\$aY$d20050324
=FMT  \\$a  SE
=LAS  \\$aWR14_140$b00$c20140905$lBLL01$h1714
=SRC  \\$aDSS03$bbibsr.200404.2.aa
=TCO  \\$aCLA$bCLA$c008

