=LDR  02545 ai a2200697 a 4500
=001  007691619
=003  Uk
=005  20101018152937.0
=007  cr||||||||||||
=008  040317c199u9999enkwr\d\s\ai\\0\\\a2eng\\
=015  \\$aGBA381397$2bnb
=019  y\$abA381397
=019  9\$abA381397
=039  0\$a2785
=040  \\$aUk$cUk$dUk
=082  04$a676$221
=245  00$aPaperbase$h[electronic resource].
=246  13$aPaperbase database
=246  1\$iAlso known as:$aPIRA
=260  \\$a[Great Britain] :$bPaperbase International
=310  \\$aUpdated weekly
=336  \\$atext$2rdacontent
=337  \\$acomputer$2rdamedia
=338  \\$aonline resource$2rdacarrier
=500  \\$aTitle from about screen (viewed on 21 Sept. 2006).
=520  \\$aIndexing and abstracting source covering paper, pulp, printing, imaging, non-wovens and publishing. Coverage from 1975.
=530  \\$aAlso issued in print format as: Paperbase abstracts.
=538  \\$aMode of access: World Wide Web.
=550  \\$aPublished in association Pira International and other leading pulp and paper institutes.
=650  \0$aPrinting industry$vAbstracts.
=650  \0$aPrinting industry$vIndexes.
=650  \0$aPackaging$vAbstracts.
=650  \0$aPackaging$vIndexes.
=650  \0$aPackage goods industry$vAbstracts.
=650  \0$aPackage goods industry$vIndexes.
=650  \0$aPaper industry$vAbstracts.
=650  \0$aPaper industry$vIndexes.
=650  \0$aPublishers and publishing$vAbstracts.
=650  \0$aPublishers and publishing$vIndexes.
=710  2\$aPira International.
=710  2\$aPaperbase International.
=776  1\$aPaperbase abstracts$x1359-5156
=852  41$aBritish Library$bSTI
=856  40$uhttp://www.paperbase.org/$zFor subscribers only
=985  \\$aemail from Cathy Lott 7/10/2010 that we no longer subscribe to this; removed from OPAC by taking {dollar}j out of holding.
=985  \\$aRecord merged by DQ team
=CAT  \\$aCONV$b00$c20040425$lBLL90$h0531
=CAT  \\$aCONV$b00$c20040502$lBLL01$h1229
=CAT  \\$a6550$b40$c20051109$lBLL01$h1430
=CAT  \\$a6550$b40$c20051109$lBLL01$h1432
=CAT  \\$a3072$b40$c20060921$lBLL01$h1645
=CAT  \\$a3072$b40$c20101018$lBLL01$h1451
=CAT  \\$a3072$b40$c20101018$lBLL01$h1529
=CAT  \\$aWR14_140$c20140905$lBLL01$h1721
=FIN  \\$aY
=FMT  \\$a  SE
=LAS  \\$aWR14_140$b00$c20140905$lBLL01$h1721
=LEO  \\$aMP5.0000027494
=SRC  \\$aBNB03$bbibmp5.200404.2.aa
=SRC  \\$aDSS03$bbibsr.200404.2.aa
=TCO  \\$aCLA$bCLA$c008

