=LDR  02284 ai a2200541 a 4500
=001  007194623
=003  Uk
=005  20101018154639.0
=006  m\\\\\\\\d\|\\\\\\
=007  cr|cn\||||||||
=008  040416c199u9999enk\x\d\s\\\\\0\\\a2eng\\
=015  \\$aGBA530680$2bnb
=040  \\$aUk$beng$cUk$dUk
=042  \\$aukblsr
=082  04$a341.480941$222
=245  00$aHuman rights direct$h[electronic resource].
=260  \\$a[London] :$bReed Elsevier
=310  \\$aSome information updated daily
=336  \\$atext$2rdacontent
=337  \\$acomputer$2rdamedia
=338  \\$aonline resource$2rdacarrier
=500  \\$aPart of Butterworths LexisNexis direct.
=500  \\$aTitle from welcome screen (viewed on 12 Apr. 2005).
=520  \\$aContainsinformation on the impact of the Human Rights Act 1998, including the full text of the Act, commentary and British, European and Commonwealth case law. Includes full series of Butterworths human rights cases, European Court of Human Rights cases, selected human rights cases from the All England law reports, Law reports of the Commonwealth, and other specialist texts.
=538  \\$aMode of access: World Wide Web.
=610  10$aGreat Britain.$tHuman Rights Act 1998.
=650  \0$aHuman rights$zGreat Britain.
=650  \0$aHuman rights$zEurope.
=650  \0$aHuman rights$zGreat Britain$vCases.
=650  \0$aHuman rights$zEurope$vCases.
=852  41$aBritish Library$bSTI
=856  40$uhttp://www.butterworths.com$zFor subscribers only, requires user name and password
=985  \\$aemail from Cathy Lott 7/10/2010 that we no longer subscribe to this; removed from OPAC by taking {dollar}j out of holding.
=A02  \\$a1447578$z47578
=CAT  \\$aCONV$b00$c20040425$lBLL90$h0713
=CAT  \\$aCONV$b00$c20040502$lBLL01$h1212
=CAT  \\$a3072$b40$c20050412$lBLL01$h1619
=CAT  \\$a3072$b40$c20050412$lBLL01$h1620
=CAT  \\$aBATCH$b00$c20091207$lBLL01$h0416
=CAT  \\$aBATCH$b00$c20091214$lBLL01$h0222
=CAT  \\$aBATCH$b00$c20091216$lBLL01$h0041
=CAT  \\$a3072$b40$c20101018$lBLL01$h1545
=CAT  \\$a3072$b40$c20101018$lBLL01$h1546
=FIN  \\$aY$d20050412
=FMT  \\$a  SE
=LAS  \\$a3072$b40$c20101018$lBLL01$h1546
=SRC  \\$aDSS03$bbibsr.200404.2.aa
=TCO  \\$aCLA$bCLA$c008

