=LDR  01988 ai a2200529 a 4500
=001  007197785
=003  Uk
=005  20101018154944.0
=006  m\\\\\\\\d\|\\\\\\
=007  cr||||||||||||
=008  040416c199u9999enkuu\d\s\vw\\0\\\a0eng\\
=015  \\$aGBA527006$2bnb
=040  \\$aUk$beng$cUk$dUk
=042  \\$aukblsr
=082  04$a348.4204$222
=245  00$aHalsbury's laws direct$h[electronic resource].
=260  \\$a[London] :$bReed Elsevier (UK) :
=336  \\$atext$2rdacontent
=337  \\$acomputer$2rdamedia
=338  \\$aonline resource$2rdacarrier
=500  \\$aTitle from home page (viewed on 15 Dec. 2004).
=500  \\$aPart of Butterworths LexisNexis direct service.
=520  \\$aContains vols.1-50 of Halsbury's Laws of England, fully updated. Gives a summary of the law by subject, with supporting cases.
=538  \\$aMode of access: World Wide Web.
=650  \0$aLaw reports, digests, etc.$zEngland.
=650  \0$aLaw reports, digests, etc.$zWales.
=650  \0$aLaw$zEngland$vCases.
=650  \0$aLaw$zWales$vCases.
=852  41$aBritish Library$bHMNTS
=856  40$uhttp://www.butterworths.com$zFor subscribers only, requires user name and password
=985  \\$aemail from Cathy Lott 7/10/2010 that we no longer subscribe to this; removed from OPAC by taking {dollar}j out of holding.
=A02  \\$a1445755$z45755
=CAT  \\$aCONV$b00$c20040425$lBLL90$h0713
=CAT  \\$aCONV$b00$c20040502$lBLL01$h1212
=CAT  \\$a3072$b40$c20041216$lBLL01$h1657
=CAT  \\$a3072$b40$c20050202$lBLL01$h1157
=CAT  \\$a3072$b40$c20050202$lBLL01$h1204
=CAT  \\$a3072$b40$c20050323$lBLL01$h0945
=CAT  \\$aBATCH$b00$c20091207$lBLL01$h0417
=CAT  \\$aBATCH$b00$c20091214$lBLL01$h0223
=CAT  \\$aBATCH$b00$c20091216$lBLL01$h0042
=CAT  \\$a3072$b40$c20101018$lBLL01$h1549
=FIN  \\$aY$d20050323
=FMT  \\$a  SE
=LAS  \\$a3072$b40$c20101018$lBLL01$h1549
=SRC  \\$aDSS03$bbibsr.200404.2.aa
=TCO  \\$aCLA$bCLA$c008

