=LDR  02443 ai a2200613 a 4500
=001  013621496
=003  Uk
=005  20130103150201.0
=006  m\\\\\\\\d\|\\\\\\
=007  cr|cn|||||||||
=008  010720d200u2012enkmr\d\s\\\\\0\\\a2eng\d
=015  \\$aGBA6A6994$2bnb
=035  \\$a(UK-CovUW)b16111928
=038  \\$aUkLCURL
=040  \\$aUk$beng$cUk$dUk
=042  \\$aukblsr
=082  04$a362.7$222
=130  0\$aChildData (Online)
=245  10$aChildData$h[electronic resource].
=246  3\$aChild Data
=260  \\$aLondon :$bNational Children's Bureau
=310  \\$aUpdated monthly
=336  \\$atext$2rdacontent
=337  \\$acomputer$2rdamedia
=338  \\$aonline resource$2rdacarrier
=362  1\$aCeased as a standalone product in Dec. 2012.
=500  \\$aBegan in 2003?
=500  \\$aTitle from title screen (viewed on Nov. 31st 2004); welcome screen also viewed 8th Dec. 2006.
=505  0\$aContents: Library catalogue -- Conferences & events -- Organisations Directory -- Children in the news.
=520  \\$aIncludes bibliographic details of books, reports and journal articles on children, full text of National Children's Bureau publications and a calendar of events.
=538  \\$aMode of access: World Wide Web.
=650  \0$aChildren$vAbstracts.
=650  \0$aChildren$vCongresses.
=690  7\$aSocial Welfare$2blcoll
=710  2\$aNational Children's Bureau.
=776  0\$tChildData (CD-ROM)
=787  0\$tChildData$c(Oxted)$x1353-9892
=852  41$aBritish Library$bHMNTS
=856  4\$uhttp://www.childdata.org.uk/$zNo longer links to resource
=985  \\$aResource closed in Dec. 2012. "The Childdata database produced by the National Children's Bureau is being withdrawn as a standalone product. NCB library stock records will now be available only via Social Policy and Practice" - email from JG 2/1/2013.
=CAT  \\$a3072$b40$c20061208$lBLL01$h1104
=CAT  \\$a3072$b40$c20061208$lBLL01$h1132
=CAT  \\$a3072$b40$c20061220$lBLL01$h1205
=CAT  \\$a11249$b40$c20070403$lBLL01$h0847
=CAT  \\$aBATCH$b00$c20110625$lBLL01$h0525
=CAT  \\$aBATCH-SWP4$c20110627$lBLL01$h1608
=CAT  \\$a3072$b40$c20130102$lBLL01$h1250
=CAT  \\$a3072$b40$c20130102$lBLL01$h1253
=CAT  \\$a3072$b40$c20130103$lBLL01$h1502
=FIN  \\$aY$d20061220
=FMT  \\$a  SE
=LAS  \\$a3072$b40$c20130103$lBLL01$h1502
=SID  \\$aZ39$bCURL
=TCO  \\$aCLA$bCLA$c008

