=LDR  03707cai a2200805 a 4500
=001  014477353
=003  Uk
=005  20221231221043.0
=006  m\\\\\\\\d\|\\\\\\
=007  cr||||||||||||
=008  071219c19789999xxubr\d\s\ai\\0\\\a2eng\\
=015  \\$aGBA821164$2bnb
=022  0\$a1551-1677$202
=040  \\$aUk$beng$cUk
=042  \\$aukblsr$aissnuk
=082  04$a302.0205$222
=130  0\$aCommunication abstracts (Online)
=222  \0$aCommunication abstracts$b(Online)
=245  10$aCommunication abstracts$h[electronic resource].
=260  \\$a[Thousand Oaks, Calif.] ;$a[London] :$bSage Publications
=310  \\$aUpdated bimonthly
=336  \\$atext$2rdacontent
=337  \\$acomputer$2rdamedia
=338  \\$aonline resource$2rdacarrier
=362  1\$aPrint began in 1978.
=500  \\$aTitle from quick search screen (CSA illumina platform, viewed on 20 Feb. 2008).
=520  \\$aIndexes a range of publications world-wide, among them journal articles, reports, papers and books. The database covers a broad span of communications-related themes, including broadcasting, communication theory, advertising, marketing, inter and intra personal communication and the role of technology in human communications.
=530  \\$aAlso issued in print.
=538  \\$aMode of access: World Wide Web.
=540  \\$aCurrent Copyright Fee: GBP25.00$c0$5Uk
=650  \0$aCommunication$vAbstracts$vPeriodicals.
=650  \0$aCommunication$vIndextes$vPeriodicals.
=710  2\$aCambridge Scientific Abstracts, Inc.
=776  1\$tCommunication abstracts$x0162-2811
=852  41$aBritish Library$bSTI
=852  41$aBritish Library$bHMNTS
=856  4\$uhttp://www-uk1.csa.com/$zFor subscribers only, user name and password required
=985  \\$aISSN responsibility transferred from US ISSN Center to ISSN UK Centre, SAGE, Multinational Publisher List, Spring 2017.
=985  \\$aemail from J. Grimshaw - as of Oct. 1, 2011 we no longer subscribe to this; holding removed, order closed.
=ACF  \\$aPrevious Copyright Fee: zero$c103\0$e13-feb-2014$fGBP0.00$g0$hP$5Uk
=ACF  \\$aPrevious Copyright Fee: GBP12.30$c0$e08-mar-2016$fGBP12.30$g0$hA$5Uk
=ACF  \\$aPrevious Copyright Fee: GBP15.00$c0$e01-jan-2017$fGBP15.00$g0$hA$5Uk
=ACF  \\$aPrevious Copyright Fee: GBP17.50$c0$e01-jan-2018$fGBP17.50$g0$hA$5Uk
=ACF  \\$aPrevious Copyright Fee: GBP20.00$c0$e01-jan-2020$fGBP20.00$g0$hA$5Uk
=CAT  \\$a6524$b40$c20071219$lBLL01$h1344
=CAT  \\$a3072$b40$c20080220$lBLL01$h1214
=CAT  \\$a3072$b40$c20080220$lBLL01$h1216
=CAT  \\$a3072$b40$c20111101$lBLL01$h1636
=CAT  \\$a5552$b40$c20140213$lBLL01$h1106
=CAT  \\$aBLDSS-3PM$b00$c20141208$lBLL01$h1626
=CAT  \\$a5552$b40$c20160308$lBLL01$h1354
=CAT  \\$aBATCH-CLA$b00$c20161222$lBLL01$h1822
=CAT  \\$aIPL-CLA$c20161230$lBLL01$h2258
=CAT  \\$a10806$b40$c20170512$lBLL01$h1357
=CAT  \\$a11313$b40$c20170601$lBLL01$h1450
=CAT  \\$aBATCH-CLA$b00$c20171222$lBLL01$h2148
=CAT  \\$aIPL-CLA$c20171231$lBLL01$h1729
=CAT  \\$aBATCH-CLA$b00$c20191219$lBLL01$h1745
=CAT  \\$aIPL-CLA$c20191231$lBLL01$h2001
=CAT  \\$aR2001-1524$c20200127$lBLL01$h2036
=CAT  \\$aBATCH-CLA$b00$c20201204$lBLL01$h1553
=CAT  \\$aIPL-CLA$c20201231$lBLL01$h2250
=CAT  \\$aBATCH-CLA$b00$c20221221$lBLL01$h1905
=CAT  \\$aIPL-CLA$c20221231$lBLL01$h2210
=CFI  0\$aCurrent Copyright Fee: GBP25.00$c0$e01-jan-2023$fGBP25.00$g0$hA$5Uk
=CFI  2\$aPrevious Copyright Fee: GBP22.50$c0$e01-jan-2021$fGBP22.50$g0$hA$5Uk
=FIN  \\$aY$d20080220
=FMT  \\$a  SE
=LAS  \\$aIPL-CLA$b00$c20221231$lBLL01$h2210
=TCO  \\$aTRS$bCCC$c008

