=LDR  02264 ai a2200529 a 4500
=001  014477494
=003  Uk
=005  20111104095914.0
=006  m\\\\\\\\d\|\\\\\\
=007  cr||||||||||||
=008  071219c200u9999enk\x\d\s\\\\\0\\\a2eng\\
=015  \\$aGBA801302$2bnb
=040  \\$aUk$beng$cUk$dUk
=042  \\$aukblsr
=082  04$a658.005$222
=130  0\$aDirectors' briefing (Online)
=245  10$aDirectors' briefing$h[electronic resource].
=246  1\$iAt head of title screen :$aInformation centre: your online resource for helping SMEs
=246  1\$iAlso known as:$aDirectors briefings
=260  \\$a[London] :$bBHP Information Solutions
=310  \\$aUpdated regularly
=336  \\$atext$2rdacontent
=337  \\$acomputer$2rdamedia
=338  \\$aonline resource$2rdacarrier
=500  \\$aTitle from welcome information (viewed on 19 Dec. 2007).
=516  \\$a"Available in PDF and HTML format and can also be delivered direct to websites via XML" - web site.
=520  \\$aA series of four page briefings, 130 covering running a business and 30 on starting a business. Report titles range from 'Advertising your business' to 'Your website strategy'. Also includes a report on 'How to write your business plan'; includes 'Start-up briefing'.
=538  \\$aMode of access: Extranet service entitled: The Information Centre.
=650  \0$aNew business enterprises$xManagement$vPeriodicals.
=650  \0$aIndustrial management$vPeriodicals.
=690  7\$aManagement and Business Studies$2blcoll
=730  02$aStart-up briefing (Online)
=787  0\$tDirectors briefing
=852  41$aBritish Library$bSTI
=856  40$uhttp://www.theinformationcentre.co.uk/$zFor subscribers only, requires user name and password
=985  \\$aemail from S. Ashpitel that sub to be cancelled.
=CAT  \\$a3072$b40$c20071219$lBLL01$h1525
=CAT  \\$a3072$b40$c20071219$lBLL01$h1601
=CAT  \\$a3072$b40$c20071219$lBLL01$h1603
=CAT  \\$a3072$b40$c20071219$lBLL01$h1604
=CAT  \\$aBATCH$b00$c20090625$lBLL01$h1713
=CAT  \\$a3072$b40$c20111104$lBLL01$h0959
=CAT  \\$aWR14_140$c20140905$lBLL01$h1817
=FIN  \\$aY$d20071219
=FMT  \\$a  SE
=LAS  \\$aWR14_140$b00$c20140905$lBLL01$h1817
=TCO  \\$aCLA$bCLA$c008

