=LDR  02407 ai a2200553 a 4500
=001  014936503
=003  Uk
=005  20120313121126.0
=006  m\\\\\\\\d\|\\\\\\
=007  cr||||||||||||
=008  090324c200u9999enkdx\d\\\\\\\0\\\a2eng\\
=015  \\$aGBA941215$2bnb
=040  \\$aUk$beng$cUk$dUk
=042  \\$aukblsr
=082  04$a658.40830941$222
=245  00$aCroner-i environment and sustainability.
=260  \\$aKingston upon Thames :$bCroner
=310  \\$aUpdated daily
=336  \\$atext$2rdacontent
=337  \\$acomputer$2rdamedia
=338  \\$aonline resource$2rdacarrier
=500  \\$aFrom 2008? absorbs: Consult Gee environment.
=500  \\$aTitle from product information page on Web site (viewed Apr. 24, 2009).
=520  \\$aFocuses on a broad range of subjects connected with the environment and sustainability issues. Provides in-depth legislative and compliance information, guidance and advice, sample forms and policies, daily news and more. This is a subscription based service and can only be accessed from the reading room.
=538  \\$aMode of access: World Wide Web.
=650  \0$aIndustries$xEnvironmental aspects$zGreat Britain$vDatabases.
=650  \0$aEnvironmental law$zGreat Britain$vDatabases.
=650  \0$aSocial responsibility of business$zGreat Britain$vDatabases.
=650  \0$aEnvironmental management$zGreat Britain$vDatabases.
=650  \0$aSustainable development$xLaw and legislation$zGreat Britain$vDatabases.
=690  7\$aManagement and Business Studies$2blcoll
=710  2\$aCroner.CCH.
=780  15$tConsult Gee human resources
=852  41$aBritish Library$bSTI
=856  40$uhttp://www.croner.co.uk/mycroner$zFor subscribers only, requires user name and password
=985  \\$athese "Croner-i" titles seems to be pre-existing, with Consult Gee absorbed into them.
=985  \\$aCancelled - email from E. Walker 7/3/2012.
=CAT  \\$a10902$b40$c20090324$lBLL01$h1119
=CAT  \\$a3072$b40$c20090424$lBLL01$h1548
=CAT  \\$a3072$b40$c20090424$lBLL01$h1600
=CAT  \\$aBATCH690$c20100715$lBLL01$h2112
=CAT  \\$aBATCH-MBS$c20100716$lBLL01$h2054
=CAT  \\$a3072$b40$c20120313$lBLL01$h1210
=CAT  \\$a3072$b40$c20120313$lBLL01$h1211
=CAT  \\$aWR14_140$c20140905$lBLL01$h1822
=FIN  \\$aY$d20090424
=FMT  \\$a  SE
=LAS  \\$aWR14_140$b00$c20140905$lBLL01$h1822
=TCO  \\$aCLA$bCLA$c008

