=LDR  01849 as a22005413  4500
=001  007199524
=003  Uk
=005  20111207100044.0
=007  c|||||||||||||
=008  040316c20039999enkmr\p\o\\\\\0\\\a0eng\\
=015  \\$aGBA423583$2bnb
=019  y\$abA423583
=019  9\$abA423583
=039  0\$a2785
=040  \\$aUk$cUk$dUk
=082  04$a338.476776$222
=130  0\$aNonwovens report international (Online)
=245  10$aNonwovens report international$h[electronic resource].
=260  \\$aBradford (Perkin House, 1 Longlands St., Bradford BD1 2TP) :$bWorld Textile Publications.
=310  \\$aMonthly
=336  \\$atext$2rdacontent
=337  \\$acomputer$2rdamedia
=500  \\$aEmail newsletter comes with subscription to print journal of same title.
=500  \\$aTitle from caption.
=500  \\$aBegan in 2003?.
=500  \\$aDescription based on: July 2003 issue.
=538  \\$aMode of access: email in PDF format.
=650  \0$aNonwoven fabrics industry$vPeriodicals.
=852  41$aBritish Library$bSTI$32003 Jul. - 2004 Apr.
=856  40$uhttp://www.world-textile.net$zTo subscribe
=856  40$uhttp://www.nonwovensreport.com
=985  \\$aSRIS digital copy cancelled - received as hardcopy.
=985  \\$aRecord merged by DQ team
=A02  \\$a3017107$z0
=CAT  \\$aCONV$b00$c20040425$lBLL90$h0713
=CAT  \\$aCONV$b00$c20040502$lBLL01$h1212
=CAT  \\$aBATCH$b00$c20091207$lBLL01$h0418
=CAT  \\$aBATCH$b00$c20091214$lBLL01$h0223
=CAT  \\$aBATCH$b00$c20091216$lBLL01$h0043
=CAT  \\$a8201$b40$c20111207$lBLL01$h1000
=CAT  \\$aWR14_140$c20140905$lBLL01$h1714
=FIN  \\$aY
=FMT  \\$a  SE
=LAS  \\$aWR14_140$b00$c20140905$lBLL01$h1714
=LEO  \\$aMP5.0000031070
=SRC  \\$aDSS03$bbibsr.200404.2.aa
=SRC  \\$aBNB03$bbibmp5.200404.2.aa
=TCO  \\$aZZZ$c008

