=LDR  02501 as a2200565 a 4500
=001  013487495
=003  Uk
=005  20160927114419.0
=006  m\\\\\\\\d\|\\\\\\
=007  cr||||||||||||
=008  060608c200u9999enkuu\p\s\\\\\0\\\a0eng\\
=015  \\$aGBA655099$2bnb
=022  0\$a1751-6811$202
=040  \\$aUk$beng$cUk$dUk
=042  \\$aukblsr$aissnuk
=082  04$a360$222
=130  0\$aCommunityWise (Online)
=222  \0$aCommunityWise$b(Online)
=245  10$aCommunityWise$h[electronic resource].
=246  1\$iAlso known as:$aCommunityWISE on the Web
=246  13$aCommunity WISE
=260  \\$a[Caterham] :$bpublished by Oxmill Publishing on behalf of the CommunityWISE data providers
=336  \\$atext$2rdacontent
=337  \\$acomputer$2rdamedia
=338  \\$aonline resource$2rdacarrier
=500  \\$aTitle from title screen (viewed on 8th June 2006).
=520  \\$aConsists of the following six databases: Community abstracts, People in Parliament, Research in Volunteering, Social Strategy Plans (full text), Voluntary and Community Sector Research, and Community Organisations.
=538  \\$aMode of access: World Wide Web.
=580  \\$aContinues CD-ROM publication.
=650  \0$aSocial policy$zGreat Britain$vPeriodicals.
=650  \0$aCommunity development$zGreat Britain$vPeriodicals.
=650  \0$aVoluntarism$zGreat Britain$vPeriodicals.
=650  \0$aSocial service$zGreat Britain$vPeriodicals.
=650  \0$aAssociations, institutions, etc$zGreat Britain$vDirectories.
=780  10$tCommunityWISE$x1465-4024
=852  41$aBritish Library$bHMNTS
=856  40$uhttp://www.oxmill.com/communitywise/
=985  \\$aInfo rec'd that this is no longer published - invoices paid till 14/6/12; but site is still there, with c.1988-2016 at foot - maybe we have just stopped subscribing to it? - bib record left open for now as unsure of status of website; {dollar}j in holding has already been removed; BL Reading Room access now also removed, plus LKR from CD-ROM.
=CAT  \\$a3072$b40$c20060608$lBLL01$h1026
=CAT  \\$a3072$b40$c20060616$lBLL01$h1148
=CAT  \\$a3072$b40$c20060616$lBLL01$h1335
=CAT  \\$a3072$b40$c20060616$lBLL01$h1454
=CAT  \\$a3072$b40$c20060616$lBLL01$h1456
=CAT  \\$a3072$b40$c20060616$lBLL01$h1505
=CAT  \\$aWR14_140$c20140905$lBLL01$h1812
=CAT  \\$a3072$b40$c20160927$lBLL01$h1144
=FIN  \\$aY$d20060616
=FMT  \\$a  SE
=LAS  \\$a3072$b40$c20160927$lBLL01$h1144
=TCO  \\$aCLA$bCLA$c008

