=LDR  02143 ai a2200565 a 4500
=001  007193797
=003  Uk
=005  20120316123338.0
=006  m\\\\\\\\d\|\\\\\\
=007  cr||||||||||||
=008  040416c199u9999enkuu\d\si\\\\0\\\a2eng\\
=015  \\$aGBA553229$2bnb
=040  \\$aUk$beng$cUk
=042  \\$aukblsr
=082  04$a610$222
=130  0\$aCINAHL (Online)
=245  10$aCINAHL$h[electronic resource].
=260  \\$a[New York, N.Y. ;$aLondon :$bOvid Technologies]
=336  \\$atext$2rdacontent
=337  \\$acomputer$2rdamedia
=338  \\$aonline resource$2rdacarrier
=500  \\$aTitle from database selection screen (viewed on 22 June. 2005).
=520  \\$aCumulative Index to nursing and allied health. Articles from all English language nursing journals plus journals from 17 allied health disciplines.
=530  \\$aAlso issued in print as: Cumulative index to nursing & allied health literature
=538  \\$aMode of access: World Wide Web.
=650  \0$aNursing$xPeriodicals$vIndexes.
=650  \0$aAllied health personnel$xPeriodicals$vIndexes.
=650  \0$aNursing$xPeriodicals$vAbstracts.
=650  \0$aAllied health personnel$xPeriodicals$vAbstracts.
=710  2\$aOvid Technologies, Inc.
=710  2\$aCINAHL Information Systems.
=776  0\$tCumulative index to nursing & allied health literature$x0146-5554
=852  41$aBritish Library$bSTI
=856  40$uhttp://web5silverplatter.com/webspirs/start.ws
=985  \\$aReplaced by sub for CINAHL Plus 15673453 in 2010.
=A02  \\$a3001670$z0
=CAT  \\$aCONV$b00$c20040425$lBLL90$h0713
=CAT  \\$aCONV$b00$c20040502$lBLL01$h1212
=CAT  \\$a3072$b40$c20050622$lBLL01$h1636
=CAT  \\$aBATCH$b00$c20091207$lBLL01$h0416
=CAT  \\$aBATCH$b00$c20091214$lBLL01$h0221
=CAT  \\$aBATCH$b00$c20091216$lBLL01$h0041
=CAT  \\$a11279$b40$c20111011$lBLL01$h1343
=CAT  \\$a3072$b40$c20120316$lBLL01$h1233
=CAT  \\$aWR14_140$c20140905$lBLL01$h1714
=FIN  \\$aY$d20050622
=FMT  \\$a  SE
=LAS  \\$aWR14_140$b00$c20140905$lBLL01$h1714
=SRC  \\$aDSS03$bbibsr.200404.2.aa
=TCO  \\$aCLA$bCLA$c008

