=LDR  02270 ai a2200637 a 4500
=001  007032797
=003  Uk
=005  20120316125143.0
=006  m\\\\\\\\d\|\\\\\\
=007  cr||||||||||||
=008  031111c199u9999enkmr\d\s\ai\\0\\\a2eng\\
=015  \\$aGBA342095$2bnb
=019  y\$abA342095
=019  9\$abA342095
=019  0\$as694572004
=039  0\$a2768
=040  \\$aUk$cUk$dUk
=082  04$a620.10605$221
=130  0\$aFluidex (Online)
=245  10$aFluidex$h[electronic resource].
=260  \\$a[New York ;$aLondon (Merlin House, 20 Belmont Terrace, Chiswick, W4 5UG]) :$bOvid Technologies
=310  \\$aUpdated monthly
=336  \\$atext$2rdacontent
=337  \\$acomputer$2rdamedia
=338  \\$aonline resource$2rdacarrier
=500  \\$aProduced by: Elsevier Science.
=500  \\$aTitle from database selection screen (viewed 6 June 2003).
=520  \\$aComprehensive coverage of the literature of fluid engineering.
=530  \\$aAlso available in CD-ROM format.
=538  \\$aMode of access: World Wide Web.
=650  \0$aFluid mechanics$vAbstracts$vPeriodicals.
=650  \0$aFluid mechanics$vIndexes$vPeriodicals.
=650  \0$aProduction engineering$vAbstracts$vPeriodicals.
=650  \0$aProduction engineering$vIndexes$vPeriodicals.
=650  \0$aCivil engineering$vAbstracts$vPeriodicals.
=650  \0$aCivil engineering$vIndexes$vPeriodicals.
=852  41$aBritish Library$bSTI
=856  40$uhttp://web5.silverplatter.com/webspirs/start
=957  \\$a030606p
=985  \\$aRecord merged by DQ team
=985  \\$aemail from Cathy Lott 7/10/2010 that we no longer subscribe to this; removed from OPAC by taking {dollar}j out of holding.
=CAT  \\$aCONV$b00$c20040425$lBLL90$h0531
=CAT  \\$aCONV$b00$c20040502$lBLL01$h1207
=CAT  \\$a6550$b40$c20051124$lBLL01$h0927
=CAT  \\$a3072$b40$c20101018$lBLL01$h1704
=CAT  \\$a3072$b40$c20120316$lBLL01$h1251
=CAT  \\$aWR14_140$c20140905$lBLL01$h1710
=FIN  \\$aY
=FMT  \\$a  SE
=LAS  \\$aWR14_140$b00$c20140905$lBLL01$h1710
=LEO  \\$aMP5.0000022684
=LEO  \\$aMP25.0000371195
=SRC  \\$aBNB03$bbibmp5.200404.2.aa
=SRC  \\$aSRI01$bbibmp25.200404.2.aa
=SRC  \\$aDSS03$bbibsr.200404.2.aa
=TCO  \\$aCLA$bCLA$c008

